@misc{metar-sbrj,
    author          = {National Weather Service},
    title           = {Aviation Weather Center},
    year            = {2024},
    url             = {https://aviationweather.gov/api/data/metar?ids=SBRJ},
    urlaccessdate   = {08 abril 2024},
}

@misc{metar-speci,
    author          = {Sergio Koch},
    title           = {METAR / SPECI},
    year            = {2024},
    url             = {https://sites.google.com/site/invacivil/meteorologia/metar},
    urlaccessdate   = {08 abril 2024},
}

@misc{iata-codes,
    author          = {Airport Codes},
    title           = {IATA codes},
    year            = {2024},
    url             = {https://airportcodes.io/en/iata-codes/},
    urlaccessdate   = {16 abril 2024},
}

@misc{icao-codes,
    author          = {Airport Codes},
    title           = {ICAO codes},
    year            = {2024},
    url             = {https://airportcodes.io/en/icao-codes/},
    urlaccessdate   = {16 abril 2024},
}